%YAML 1.1
%TAG !u! tag:unity3d.com,2011:
--- !u!29 &1
SceneSettings:
  m_ObjectHideFlags: 0
  m_PVSData: 
  m_PVSObjectsArray: []
  m_PVSPortalsArray: []
  m_OcclusionBakeSettings:
    smallestOccluder: 5
    smallestHole: .25
    backfaceThreshold: 100
--- !u!104 &2
RenderSettings:
  m_Fog: 0
  m_FogColor: {r: .611940265, g: .611940265, b: .611940265, a: 1}
  m_FogMode: 1
  m_FogDensity: .100000001
  m_LinearFogStart: 10
  m_LinearFogEnd: 25
  m_AmbientLight: {r: .604477644, g: .604477644, b: .604477644, a: 1}
  m_SkyboxMaterial: {fileID: 2100000, guid: 9ba05f538ee36044da5cd2a4f14a8b18, type: 2}
  m_HaloStrength: .5
  m_FlareStrength: 1
  m_FlareFadeSpeed: 3
  m_HaloTexture: {fileID: 0}
  m_SpotCookie: {fileID: 0}
  m_ObjectHideFlags: 0
--- !u!127 &3
LevelGameManager:
  m_ObjectHideFlags: 0
--- !u!157 &4
LightmapSettings:
  m_ObjectHideFlags: 0
  m_LightProbes: {fileID: 0}
  m_Lightmaps: []
  m_LightmapsMode: 1
  m_BakedColorSpace: 0
  m_UseDualLightmapsInForward: 0
  m_LightmapEditorSettings:
    m_Resolution: 50
    m_LastUsedResolution: 0
    m_TextureWidth: 1024
    m_TextureHeight: 1024
    m_BounceBoost: 1
    m_BounceIntensity: 1
    m_SkyLightColor: {r: .860000014, g: .930000007, b: 1, a: 1}
    m_SkyLightIntensity: 0
    m_Quality: 0
    m_Bounces: 1
    m_FinalGatherRays: 1000
    m_FinalGatherContrastThreshold: .0500000007
    m_FinalGatherGradientThreshold: 0
    m_FinalGatherInterpolationPoints: 15
    m_AOAmount: 0
    m_AOMaxDistance: .100000001
    m_AOContrast: 1
    m_LODSurfaceMappingDistance: 1
    m_Padding: 0
    m_TextureCompression: 0
    m_LockAtlas: 0
--- !u!1 &8
GameObject:
  m_ObjectHideFlags: 0
  m_PrefabParentObject: {fileID: 100000, guid: c1801e6807bb3b44b991bdd8705d414b, type: 2}
  m_PrefabInternal: {fileID: 5231}
  serializedVersion: 4
  m_Component:
  - 4: {fileID: 1323}
  - 33: {fileID: 3890}
  - 23: {fileID: 2638}
  - 111: {fileID: 5192}
  - 65: {fileID: 5175}
  - 54: {fileID: 5140}
  - 114: {fileID: 91}
  m_Layer: 8
  m_Name: Wooden Box
  m_TagString: Untagged
  m_Icon: {fileID: 0}
  m_NavMeshLayer: 0
  m_StaticEditorFlags: 0
  m_IsActive: 1
--- !u!114 &91
MonoBehaviour:
  m_ObjectHideFlags: 0
  m_PrefabParentObject: {fileID: 0}
  m_PrefabInternal: {fileID: 0}
  m_GameObject: {fileID: 8}
  m_Enabled: 1
  m_EditorHideFlags: 0
  m_Script: {fileID: 11500000, guid: 26f8593e8803fb044b27a2af4ceba413, type: 3}
  m_Name: 
  m_EditorClassIdentifier: 
--- !u!1 &1312
GameObject:
  m_ObjectHideFlags: 0
  m_PrefabParentObject: {fileID: 0}
  m_PrefabInternal: {fileID: 0}
  serializedVersion: 4
  m_Component:
  - 4: {fileID: 2627}
  m_Layer: 0
  m_Name: Level
  m_TagString: Untagged
  m_Icon: {fileID: 0}
  m_NavMeshLayer: 0
  m_StaticEditorFlags: 0
  m_IsActive: 1
--- !u!1 &1314
GameObject:
  m_ObjectHideFlags: 0
  m_PrefabParentObject: {fileID: 100000, guid: 473a7b153ece4564899321f795651cd5, type: 3}
  m_PrefabInternal: {fileID: 5249}
  serializedVersion: 4
  m_Component:
  - 4: {fileID: 2629}
  - 33: {fileID: 5139}
  - 23: {fileID: 3887}
  m_Layer: 0
  m_Name: CasaGuardias
  m_TagString: Untagged
  m_Icon: {fileID: 0}
  m_NavMeshLayer: 0
  m_StaticEditorFlags: 0
  m_IsActive: 1
--- !u!1 &1315
GameObject:
  m_ObjectHideFlags: 0
  m_PrefabParentObject: {fileID: 100002, guid: 473a7b153ece4564899321f795651cd5, type: 3}
  m_PrefabInternal: {fileID: 5249}
  serializedVersion: 4
  m_Component:
  - 4: {fileID: 2630}
  - 111: {fileID: 5222}
  m_Layer: 0
  m_Name: Eren's House
  m_TagString: Untagged
  m_Icon: {fileID: 0}
  m_NavMeshLayer: 0
  m_StaticEditorFlags: 0
  m_IsActive: 1
--- !u!1 &1316
GameObject:
  m_ObjectHideFlags: 0
  m_PrefabParentObject: {fileID: 100004, guid: 473a7b153ece4564899321f795651cd5, type: 3}
  m_PrefabInternal: {fileID: 5249}
  serializedVersion: 4
  m_Component:
  - 4: {fileID: 2631}
  m_Layer: 0
  m_Name: maenri
  m_TagString: Untagged
  m_Icon: {fileID: 0}
  m_NavMeshLayer: 0
  m_StaticEditorFlags: 0
  m_IsActive: 1
--- !u!1 &1317
GameObject:
  m_ObjectHideFlags: 0
  m_PrefabParentObject: {fileID: 0}
  m_PrefabInternal: {fileID: 0}
  serializedVersion: 4
  m_Component:
  - 4: {fileID: 2632}
  - 114: {fileID: 5230}
  - 154: {fileID: 5227}
  m_Layer: 4
  m_Name: Terrain
  m_TagString: Untagged
  m_Icon: {fileID: 0}
  m_NavMeshLayer: 0
  m_StaticEditorFlags: 4294967295
  m_IsActive: 1
--- !u!1 &1319
GameObject:
  m_ObjectHideFlags: 0
  m_PrefabParentObject: {fileID: 0}
  m_PrefabInternal: {fileID: 0}
  serializedVersion: 4
  m_Component:
  - 4: {fileID: 2634}
  - 20: {fileID: 2635}
  - 92: {fileID: 5190}
  - 124: {fileID: 5225}
  - 81: {fileID: 5189}
  - 114: {fileID: 1320}
  m_Layer: 0
  m_Name: Main Camera
  m_TagString: MainCamera
  m_Icon: {fileID: 0}
  m_NavMeshLayer: 0
  m_StaticEditorFlags: 0
  m_IsActive: 1
--- !u!114 &1320
MonoBehaviour:
  m_ObjectHideFlags: 0
  m_PrefabParentObject: {fileID: 0}
  m_PrefabInternal: {fileID: 0}
  m_GameObject: {fileID: 1319}
  m_Enabled: 1
  m_EditorHideFlags: 0
  m_Script: {fileID: 11500000, guid: c662ca5af5d716843be35f09fcd2bb25, type: 3}
  m_Name: 
  m_EditorClassIdentifier: 
  spawnPoint: {fileID: 522091285}
--- !u!4 &1323
Transform:
  m_ObjectHideFlags: 0
  m_PrefabParentObject: {fileID: 400000, guid: c1801e6807bb3b44b991bdd8705d414b, type: 2}
  m_PrefabInternal: {fileID: 5231}
  m_GameObject: {fileID: 8}
  m_LocalRotation: {x: 1.11022302e-16, y: 0, z: 0, w: 1}
  m_LocalPosition: {x: 388.698181, y: .372211874, z: 13.6805487}
  m_LocalScale: {x: .273419559, y: .273419559, z: .273419559}
  m_Children: []
  m_Father: {fileID: 2627}
  m_RootOrder: 1
--- !u!4 &2627
Transform:
  m_ObjectHideFlags: 0
  m_PrefabParentObject: {fileID: 0}
  m_PrefabInternal: {fileID: 0}
  m_GameObject: {fileID: 1312}
  m_LocalRotation: {x: 0, y: 0, z: 0, w: 1}
  m_LocalPosition: {x: -233.605042, y: 0, z: 0}
  m_LocalScale: {x: 1, y: 1, z: 1}
  m_Children:
  - {fileID: 2630}
  - {fileID: 1323}
  m_Father: {fileID: 0}
  m_RootOrder: 2
--- !u!4 &2629
Transform:
  m_ObjectHideFlags: 0
  m_PrefabParentObject: {fileID: 400000, guid: 473a7b153ece4564899321f795651cd5, type: 3}
  m_PrefabInternal: {fileID: 5249}
  m_GameObject: {fileID: 1314}
  m_LocalRotation: {x: -.577350318, y: -.816496611, z: -0, w: -3.56902028e-08}
  m_LocalPosition: {x: 387.494202, y: -.0745790079, z: 14.2646523}
  m_LocalScale: {x: 1.15028906, y: 1.01892698, z: 1.15866053}
  m_Children: []
  m_Father: {fileID: 2630}
  m_RootOrder: 0
--- !u!4 &2630
Transform:
  m_ObjectHideFlags: 0
  m_PrefabParentObject: {fileID: 400002, guid: 473a7b153ece4564899321f795651cd5, type: 3}
  m_PrefabInternal: {fileID: 5249}
  m_GameObject: {fileID: 1315}
  m_LocalRotation: {x: .117789038, y: -.69639802, z: .696320117, w: .127647579}
  m_LocalPosition: {x: 906.319885, y: 14.2395401, z: -175.510361}
  m_LocalScale: {x: 1.42429554, y: 1.42429674, z: 1.42429674}
  m_Children:
  - {fileID: 2629}
  - {fileID: 2631}
  m_Father: {fileID: 2627}
  m_RootOrder: 0
--- !u!4 &2631
Transform:
  m_ObjectHideFlags: 0
  m_PrefabParentObject: {fileID: 400004, guid: 473a7b153ece4564899321f795651cd5, type: 3}
  m_PrefabInternal: {fileID: 5249}
  m_GameObject: {fileID: 1316}
  m_LocalRotation: {x: -.707106829, y: 0, z: -0, w: .707106829}
  m_LocalPosition: {x: 0, y: 0, z: 1.35706937}
  m_LocalScale: {x: 1, y: 1, z: 1}
  m_Children: []
  m_Father: {fileID: 2630}
  m_RootOrder: 1
--- !u!4 &2632
Transform:
  m_ObjectHideFlags: 0
  m_PrefabParentObject: {fileID: 0}
  m_PrefabInternal: {fileID: 0}
  m_GameObject: {fileID: 1317}
  m_LocalRotation: {x: 0, y: 0, z: 0, w: 1}
  m_LocalPosition: {x: -1.27584839, y: 0, z: 0}
  m_LocalScale: {x: 1, y: 1, z: 1}
  m_Children: []
  m_Father: {fileID: 0}
  m_RootOrder: 4
--- !u!4 &2634
Transform:
  m_ObjectHideFlags: 0
  m_PrefabParentObject: {fileID: 0}
  m_PrefabInternal: {fileID: 0}
  m_GameObject: {fileID: 1319}
  m_LocalRotation: {x: .00551749719, y: -.994077444, z: .108468831, w: -.0037666217}
  m_LocalPosition: {x: 153.166794, y: .871965945, z: 14.3756475}
  m_LocalScale: {x: 1, y: 1, z: 1}
  m_Children: []
  m_Father: {fileID: 0}
  m_RootOrder: 3
--- !u!20 &2635
Camera:
  m_ObjectHideFlags: 0
  m_PrefabParentObject: {fileID: 0}
  m_PrefabInternal: {fileID: 0}
  m_GameObject: {fileID: 1319}
  m_Enabled: 1
  serializedVersion: 2
  m_ClearFlags: 1
  m_BackGroundColor: {r: .192156866, g: .301960796, b: .474509805, a: .0196078438}
  m_NormalizedViewPortRect:
    serializedVersion: 2
    x: 0
    y: 0
    width: 1
    height: 1
  near clip plane: .300000012
  far clip plane: 50
  field of view: 92
  orthographic: 0
  orthographic size: 100
  m_Depth: -1
  m_CullingMask:
    serializedVersion: 2
    m_Bits: 4294967295
  m_RenderingPath: -1
  m_TargetTexture: {fileID: 0}
  m_TargetDisplay: 0
  m_HDR: 0
  m_OcclusionCulling: 1
  m_StereoConvergence: 10
  m_StereoSeparation: .0219999999
--- !u!23 &2638
Renderer:
  m_ObjectHideFlags: 0
  m_PrefabParentObject: {fileID: 2300000, guid: c1801e6807bb3b44b991bdd8705d414b,
    type: 2}
  m_PrefabInternal: {fileID: 5231}
  m_GameObject: {fileID: 8}
  m_Enabled: 1
  m_CastShadows: 1
  m_ReceiveShadows: 1
  m_LightmapIndex: 255
  m_LightmapTilingOffset: {x: 1, y: 1, z: 0, w: 0}
  m_Materials:
  - {fileID: 2100000, guid: 4a234dcd1b6afe94d82ca71177dc8ac4, type: 2}
  m_SubsetIndices: 
  m_StaticBatchRoot: {fileID: 0}
  m_UseLightProbes: 0
  m_LightProbeAnchor: {fileID: 0}
  m_ScaleInLightmap: 1
  m_SortingLayerID: 0
  m_SortingOrder: 0
--- !u!23 &3887
Renderer:
  m_ObjectHideFlags: 0
  m_PrefabParentObject: {fileID: 2300000, guid: 473a7b153ece4564899321f795651cd5,
    type: 3}
  m_PrefabInternal: {fileID: 5249}
  m_GameObject: {fileID: 1314}
  m_Enabled: 1
  m_CastShadows: 1
  m_ReceiveShadows: 1
  m_LightmapIndex: 255
  m_LightmapTilingOffset: {x: 1, y: 1, z: 0, w: 0}
  m_Materials:
  - {fileID: 2100000, guid: 934eea66d8c08384f9ae3976c518d401, type: 2}
  m_SubsetIndices: 
  m_StaticBatchRoot: {fileID: 0}
  m_UseLightProbes: 0
  m_LightProbeAnchor: {fileID: 0}
  m_ScaleInLightmap: 1
  m_SortingLayerID: 0
  m_SortingOrder: 0
--- !u!33 &3890
MeshFilter:
  m_ObjectHideFlags: 0
  m_PrefabParentObject: {fileID: 3300000, guid: c1801e6807bb3b44b991bdd8705d414b,
    type: 2}
  m_PrefabInternal: {fileID: 5231}
  m_GameObject: {fileID: 8}
  m_Mesh: {fileID: 4300000, guid: a6748add004e27a43838c0f25d81c923, type: 3}
--- !u!33 &5139
MeshFilter:
  m_ObjectHideFlags: 0
  m_PrefabParentObject: {fileID: 3300000, guid: 473a7b153ece4564899321f795651cd5,
    type: 3}
  m_PrefabInternal: {fileID: 5249}
  m_GameObject: {fileID: 1314}
  m_Mesh: {fileID: 4300000, guid: 473a7b153ece4564899321f795651cd5, type: 3}
--- !u!54 &5140
Rigidbody:
  m_ObjectHideFlags: 0
  m_PrefabParentObject: {fileID: 5400000, guid: c1801e6807bb3b44b991bdd8705d414b,
    type: 2}
  m_PrefabInternal: {fileID: 5231}
  m_GameObject: {fileID: 8}
  serializedVersion: 2
  m_Mass: 25
  m_Drag: 0
  m_AngularDrag: .0500000007
  m_UseGravity: 1
  m_IsKinematic: 0
  m_Interpolate: 0
  m_Constraints: 0
  m_CollisionDetection: 0
--- !u!65 &5175
BoxCollider:
  m_ObjectHideFlags: 0
  m_PrefabParentObject: {fileID: 6500000, guid: c1801e6807bb3b44b991bdd8705d414b,
    type: 2}
  m_PrefabInternal: {fileID: 5231}
  m_GameObject: {fileID: 8}
  m_Material: {fileID: 0}
  m_IsTrigger: 0
  m_Enabled: 1
  serializedVersion: 2
  m_Size: {x: 2, y: 2, z: 2}
  m_Center: {x: 0, y: 0, z: 0}
--- !u!81 &5189
AudioListener:
  m_ObjectHideFlags: 0
  m_PrefabParentObject: {fileID: 0}
  m_PrefabInternal: {fileID: 0}
  m_GameObject: {fileID: 1319}
  m_Enabled: 1
--- !u!92 &5190
Behaviour:
  m_ObjectHideFlags: 0
  m_PrefabParentObject: {fileID: 0}
  m_PrefabInternal: {fileID: 0}
  m_GameObject: {fileID: 1319}
  m_Enabled: 1
--- !u!111 &5192
Animation:
  m_ObjectHideFlags: 0
  m_PrefabParentObject: {fileID: 11100000, guid: c1801e6807bb3b44b991bdd8705d414b,
    type: 2}
  m_PrefabInternal: {fileID: 5231}
  m_GameObject: {fileID: 8}
  m_Enabled: 1
  serializedVersion: 3
  m_Animation: {fileID: 0}
  m_Animations: []
  m_WrapMode: 0
  m_PlayAutomatically: 1
  m_AnimatePhysics: 0
  m_CullingType: 0
--- !u!111 &5222
Animation:
  m_ObjectHideFlags: 0
  m_PrefabParentObject: {fileID: 11100000, guid: 473a7b153ece4564899321f795651cd5,
    type: 3}
  m_PrefabInternal: {fileID: 5249}
  m_GameObject: {fileID: 1315}
  m_Enabled: 1
  serializedVersion: 3
  m_Animation: {fileID: 0}
  m_Animations: []
  m_WrapMode: 0
  m_PlayAutomatically: 1
  m_AnimatePhysics: 0
  m_CullingType: 0
--- !u!124 &5225
Behaviour:
  m_ObjectHideFlags: 0
  m_PrefabParentObject: {fileID: 0}
  m_PrefabInternal: {fileID: 0}
  m_GameObject: {fileID: 1319}
  m_Enabled: 1
--- !u!154 &5227
TerrainCollider:
  m_ObjectHideFlags: 0
  m_PrefabParentObject: {fileID: 0}
  m_PrefabInternal: {fileID: 0}
  m_GameObject: {fileID: 1317}
  m_IsTrigger: 0
  m_Enabled: 1
  m_TerrainData: {fileID: 15600000, guid: 0c4acf1b2445bab4693a3325affcd6e0, type: 2}
  m_CreateTreeColliders: 1
--- !u!114 &5230
MonoBehaviour:
  m_ObjectHideFlags: 0
  m_PrefabParentObject: {fileID: 0}
  m_PrefabInternal: {fileID: 0}
  m_GameObject: {fileID: 1317}
  m_Enabled: 1
  m_EditorHideFlags: 1
  m_Script: {fileID: 12000, guid: 0000000000000000e000000000000000, type: 0}
  m_Name: 
  m_EditorClassIdentifier: 
  m_TerrainData: {fileID: 15600000, guid: 0c4acf1b2445bab4693a3325affcd6e0, type: 2}
  m_TreeDistance: 2000
  m_TreeBillboardDistance: 50
  m_TreeCrossFadeLength: 5
  m_TreeMaximumFullLODCount: 50
  m_DetailObjectDistance: 80
  m_DetailObjectDensity: 1
  m_HeightmapPixelError: 5
  m_SplatMapDistance: 15
  m_HeightmapMaximumLOD: 0
  m_CastShadows: 1
  m_LightmapIndex: -1
  m_LightmapSize: 1024
  m_DrawTreesAndFoliage: 1
  m_CollectDetailPatches: 1
  m_MaterialTemplate: {fileID: 0}
--- !u!1001 &5231
Prefab:
  m_ObjectHideFlags: 0
  serializedVersion: 2
  m_Modification:
    m_TransformParent: {fileID: 2627}
    m_Modifications:
    - target: {fileID: 400000, guid: c1801e6807bb3b44b991bdd8705d414b, type: 2}
      propertyPath: m_LocalRotation.z
      value: 0
      objectReference: {fileID: 0}
    - target: {fileID: 400000, guid: c1801e6807bb3b44b991bdd8705d414b, type: 2}
      propertyPath: m_LocalPosition.x
      value: 388.698181
      objectReference: {fileID: 0}
    - target: {fileID: 400000, guid: c1801e6807bb3b44b991bdd8705d414b, type: 2}
      propertyPath: m_LocalPosition.y
      value: .372211874
      objectReference: {fileID: 0}
    - target: {fileID: 400000, guid: c1801e6807bb3b44b991bdd8705d414b, type: 2}
      propertyPath: m_LocalPosition.z
      value: 13.6805487
      objectReference: {fileID: 0}
    - target: {fileID: 400000, guid: c1801e6807bb3b44b991bdd8705d414b, type: 2}
      propertyPath: m_RootOrder
      value: 1
      objectReference: {fileID: 0}
    - target: {fileID: 100000, guid: c1801e6807bb3b44b991bdd8705d414b, type: 2}
      propertyPath: m_Layer
      value: 8
      objectReference: {fileID: 0}
    m_RemovedComponents: []
  m_ParentPrefab: {fileID: 100100000, guid: c1801e6807bb3b44b991bdd8705d414b, type: 2}
  m_RootGameObject: {fileID: 8}
  m_IsPrefabParent: 0
  m_IsExploded: 1
--- !u!1001 &5249
Prefab:
  m_ObjectHideFlags: 0
  serializedVersion: 2
  m_Modification:
    m_TransformParent: {fileID: 2627}
    m_Modifications:
    - target: {fileID: 2300000, guid: 473a7b153ece4564899321f795651cd5, type: 3}
      propertyPath: m_Materials.Array.size
      value: 1
      objectReference: {fileID: 0}
    - target: {fileID: 400000, guid: 473a7b153ece4564899321f795651cd5, type: 3}
      propertyPath: m_LocalRotation.y
      value: -.816496611
      objectReference: {fileID: 0}
    - target: {fileID: 400000, guid: 473a7b153ece4564899321f795651cd5, type: 3}
      propertyPath: m_LocalRotation.w
      value: -3.56902028e-08
      objectReference: {fileID: 0}
    - target: {fileID: 400000, guid: 473a7b153ece4564899321f795651cd5, type: 3}
      propertyPath: m_LocalPosition.x
      value: 387.494202
      objectReference: {fileID: 0}
    - target: {fileID: 400000, guid: 473a7b153ece4564899321f795651cd5, type: 3}
      propertyPath: m_LocalPosition.y
      value: -.0745790079
      objectReference: {fileID: 0}
    - target: {fileID: 400000, guid: 473a7b153ece4564899321f795651cd5, type: 3}
      propertyPath: m_LocalPosition.z
      value: 14.2646523
      objectReference: {fileID: 0}
    - target: {fileID: 400000, guid: 473a7b153ece4564899321f795651cd5, type: 3}
      propertyPath: m_LocalScale.x
      value: 1.15028906
      objectReference: {fileID: 0}
    - target: {fileID: 400000, guid: 473a7b153ece4564899321f795651cd5, type: 3}
      propertyPath: m_LocalScale.y
      value: 1.01892698
      objectReference: {fileID: 0}
    - target: {fileID: 400000, guid: 473a7b153ece4564899321f795651cd5, type: 3}
      propertyPath: m_LocalScale.z
      value: 1.15866053
      objectReference: {fileID: 0}
    - target: {fileID: 2300000, guid: 473a7b153ece4564899321f795651cd5, type: 3}
      propertyPath: m_Materials.Array.data[0]
      value: 
      objectReference: {fileID: 2100000, guid: 934eea66d8c08384f9ae3976c518d401, type: 2}
    - target: {fileID: 400002, guid: 473a7b153ece4564899321f795651cd5, type: 3}
      propertyPath: m_LocalPosition.y
      value: 14.2395401
      objectReference: {fileID: 0}
    - target: {fileID: 400002, guid: 473a7b153ece4564899321f795651cd5, type: 3}
      propertyPath: m_LocalRotation.x
      value: .117789038
      objectReference: {fileID: 0}
    - target: {fileID: 400002, guid: 473a7b153ece4564899321f795651cd5, type: 3}
      propertyPath: m_LocalRotation.y
      value: -.69639802
      objectReference: {fileID: 0}
    - target: {fileID: 400002, guid: 473a7b153ece4564899321f795651cd5, type: 3}
      propertyPath: m_LocalRotation.z
      value: .696320117
      objectReference: {fileID: 0}
    - target: {fileID: 400002, guid: 473a7b153ece4564899321f795651cd5, type: 3}
      propertyPath: m_LocalRotation.w
      value: .127647579
      objectReference: {fileID: 0}
    - target: {fileID: 400002, guid: 473a7b153ece4564899321f795651cd5, type: 3}
      propertyPath: m_LocalPosition.x
      value: 906.319885
      objectReference: {fileID: 0}
    - target: {fileID: 400002, guid: 473a7b153ece4564899321f795651cd5, type: 3}
      propertyPath: m_LocalPosition.z
      value: -175.510361
      objectReference: {fileID: 0}
    - target: {fileID: 400000, guid: 473a7b153ece4564899321f795651cd5, type: 3}
      propertyPath: m_LocalRotation.x
      value: -.577350318
      objectReference: {fileID: 0}
    - target: {fileID: 400002, guid: 473a7b153ece4564899321f795651cd5, type: 3}
      propertyPath: m_LocalScale.x
      value: 1.42429554
      objectReference: {fileID: 0}
    - target: {fileID: 400002, guid: 473a7b153ece4564899321f795651cd5, type: 3}
      propertyPath: m_LocalScale.y
      value: 1.42429674
      objectReference: {fileID: 0}
    - target: {fileID: 400002, guid: 473a7b153ece4564899321f795651cd5, type: 3}
      propertyPath: m_LocalScale.z
      value: 1.42429674
      objectReference: {fileID: 0}
    m_RemovedComponents: []
  m_ParentPrefab: {fileID: 100100000, guid: 473a7b153ece4564899321f795651cd5, type: 3}
  m_RootGameObject: {fileID: 1315}
  m_IsPrefabParent: 0
  m_IsExploded: 1
--- !u!196 &5250
NavMeshSettings:
  m_ObjectHideFlags: 0
  m_BuildSettings:
    agentRadius: .5
    agentHeight: 2
    agentSlope: 45
    agentClimb: .400000006
    ledgeDropHeight: 0
    maxJumpAcrossDistance: 0
    accuratePlacement: 0
    minRegionArea: 2
    widthInaccuracy: 16.666666
    heightInaccuracy: 10
    tileSizeHint: 0
  m_NavMesh: {fileID: 0}
--- !u!1 &164210985
GameObject:
  m_ObjectHideFlags: 0
  m_PrefabParentObject: {fileID: 0}
  m_PrefabInternal: {fileID: 0}
  serializedVersion: 4
  m_Component:
  - 4: {fileID: 164210988}
  - 65: {fileID: 164210987}
  - 114: {fileID: 164210986}
  m_Layer: 0
  m_Name: door
  m_TagString: Untagged
  m_Icon: {fileID: 0}
  m_NavMeshLayer: 0
  m_StaticEditorFlags: 0
  m_IsActive: 1
--- !u!114 &164210986
MonoBehaviour:
  m_ObjectHideFlags: 0
  m_PrefabParentObject: {fileID: 0}
  m_PrefabInternal: {fileID: 0}
  m_GameObject: {fileID: 164210985}
  m_Enabled: 1
  m_EditorHideFlags: 0
  m_Script: {fileID: 11500000, guid: cdd3c63fdc403ae42b3b6c6e2b2eed01, type: 3}
  m_Name: 
  m_EditorClassIdentifier: 
  level: level1
--- !u!65 &164210987
BoxCollider:
  m_ObjectHideFlags: 0
  m_PrefabParentObject: {fileID: 0}
  m_PrefabInternal: {fileID: 0}
  m_GameObject: {fileID: 164210985}
  m_Material: {fileID: 0}
  m_IsTrigger: 0
  m_Enabled: 1
  serializedVersion: 2
  m_Size: {x: -.949999988, y: 1, z: 1}
  m_Center: {x: 0, y: 0, z: 0}
--- !u!4 &164210988
Transform:
  m_ObjectHideFlags: 0
  m_PrefabParentObject: {fileID: 0}
  m_PrefabInternal: {fileID: 0}
  m_GameObject: {fileID: 164210985}
  m_LocalRotation: {x: 0, y: 0, z: 0, w: 1}
  m_LocalPosition: {x: 154.192001, y: 1.10099995, z: 11.6029997}
  m_LocalScale: {x: 1.42429554, y: 1.42429674, z: 1.42429662}
  m_Children: []
  m_Father: {fileID: 0}
  m_RootOrder: 1
--- !u!1 &522091283
GameObject:
  m_ObjectHideFlags: 0
  m_PrefabParentObject: {fileID: 0}
  m_PrefabInternal: {fileID: 0}
  serializedVersion: 4
  m_Component:
  - 4: {fileID: 522091285}
  m_Layer: 0
  m_Name: Spawn
  m_TagString: Untagged
  m_Icon: {fileID: 0}
  m_NavMeshLayer: 0
  m_StaticEditorFlags: 0
  m_IsActive: 1
--- !u!4 &522091285
Transform:
  m_ObjectHideFlags: 0
  m_PrefabParentObject: {fileID: 0}
  m_PrefabInternal: {fileID: 0}
  m_GameObject: {fileID: 522091283}
  m_LocalRotation: {x: 0, y: 0, z: 0, w: 1}
  m_LocalPosition: {x: 154.300003, y: .119999997, z: 13.0200005}
  m_LocalScale: {x: 1, y: 1, z: 1}
  m_Children: []
  m_Father: {fileID: 0}
  m_RootOrder: 6
--- !u!1 &1101903772
GameObject:
  m_ObjectHideFlags: 0
  m_PrefabParentObject: {fileID: 100000, guid: 6112f16f129fba14683daeb021d2d3df, type: 3}
  m_PrefabInternal: {fileID: 1480575659}
  serializedVersion: 4
  m_Component:
  - 4: {fileID: 1101903777}
  - 33: {fileID: 1101903776}
  - 23: {fileID: 1101903775}
  - 95: {fileID: 1101903774}
  - 114: {fileID: 1101903773}
  - 54: {fileID: 1101903779}
  - 65: {fileID: 1101903778}
  m_Layer: 0
  m_Name: Axe_Large
  m_TagString: Untagged
  m_Icon: {fileID: 0}
  m_NavMeshLayer: 0
  m_StaticEditorFlags: 0
  m_IsActive: 1
--- !u!114 &1101903773
MonoBehaviour:
  m_ObjectHideFlags: 0
  m_PrefabParentObject: {fileID: 0}
  m_PrefabInternal: {fileID: 0}
  m_GameObject: {fileID: 1101903772}
  m_Enabled: 1
  m_EditorHideFlags: 0
  m_Script: {fileID: 11500000, guid: 31ebe544d18d7fb468243852be5b7fed, type: 3}
  m_Name: 
  m_EditorClassIdentifier: 
  description: It just a thing.
  isPickable: 1
--- !u!95 &1101903774
Animator:
  serializedVersion: 3
  m_ObjectHideFlags: 0
  m_PrefabParentObject: {fileID: 9500000, guid: 6112f16f129fba14683daeb021d2d3df,
    type: 3}
  m_PrefabInternal: {fileID: 1480575659}
  m_GameObject: {fileID: 1101903772}
  m_Enabled: 1
  m_Avatar: {fileID: 9000000, guid: 6112f16f129fba14683daeb021d2d3df, type: 3}
  m_Controller: {fileID: 0}
  m_CullingMode: 0
  m_UpdateMode: 0
  m_ApplyRootMotion: 1
  m_HasTransformHierarchy: 1
  m_AllowConstantClipSamplingOptimization: 1
--- !u!23 &1101903775
Renderer:
  m_ObjectHideFlags: 0
  m_PrefabParentObject: {fileID: 2300000, guid: 6112f16f129fba14683daeb021d2d3df,
    type: 3}
  m_PrefabInternal: {fileID: 1480575659}
  m_GameObject: {fileID: 1101903772}
  m_Enabled: 1
  m_CastShadows: 1
  m_ReceiveShadows: 1
  m_LightmapIndex: 255
  m_LightmapTilingOffset: {x: 1, y: 1, z: 0, w: 0}
  m_Materials:
  - {fileID: 2100000, guid: f0a80001fc2b8cc46a711ed2797088da, type: 2}
  m_SubsetIndices: 
  m_StaticBatchRoot: {fileID: 0}
  m_UseLightProbes: 0
  m_LightProbeAnchor: {fileID: 0}
  m_ScaleInLightmap: 1
  m_SortingLayerID: 0
  m_SortingOrder: 0
--- !u!33 &1101903776
MeshFilter:
  m_ObjectHideFlags: 0
  m_PrefabParentObject: {fileID: 3300000, guid: 6112f16f129fba14683daeb021d2d3df,
    type: 3}
  m_PrefabInternal: {fileID: 1480575659}
  m_GameObject: {fileID: 1101903772}
  m_Mesh: {fileID: 4300000, guid: 6112f16f129fba14683daeb021d2d3df, type: 3}
--- !u!4 &1101903777
Transform:
  m_ObjectHideFlags: 0
  m_PrefabParentObject: {fileID: 400000, guid: 6112f16f129fba14683daeb021d2d3df, type: 3}
  m_PrefabInternal: {fileID: 1480575659}
  m_GameObject: {fileID: 1101903772}
  m_LocalRotation: {x: -.70704484, y: -.707168281, z: .000617114594, w: -.000617006852}
  m_LocalPosition: {x: 155.009995, y: .720000029, z: 13.6739998}
  m_LocalScale: {x: 1, y: 1, z: 1}
  m_Children: []
  m_Father: {fileID: 0}
  m_RootOrder: 0
--- !u!65 &1101903778
BoxCollider:
  m_ObjectHideFlags: 0
  m_PrefabParentObject: {fileID: 0}
  m_PrefabInternal: {fileID: 0}
  m_GameObject: {fileID: 1101903772}
  m_Material: {fileID: 0}
  m_IsTrigger: 0
  m_Enabled: 1
  serializedVersion: 2
  m_Size: {x: .0820229128, y: .332951307, z: .717503548}
  m_Center: {x: 2.71883887e-11, y: -4.83020885e-05, z: .120957635}
--- !u!54 &1101903779
Rigidbody:
  m_ObjectHideFlags: 0
  m_PrefabParentObject: {fileID: 0}
  m_PrefabInternal: {fileID: 0}
  m_GameObject: {fileID: 1101903772}
  serializedVersion: 2
  m_Mass: 1
  m_Drag: 0
  m_AngularDrag: .0500000007
  m_UseGravity: 1
  m_IsKinematic: 0
  m_Interpolate: 0
  m_Constraints: 0
  m_CollisionDetection: 0
--- !u!1001 &1480575659
Prefab:
  m_ObjectHideFlags: 0
  serializedVersion: 2
  m_Modification:
    m_TransformParent: {fileID: 0}
    m_Modifications:
    - target: {fileID: 400000, guid: 6112f16f129fba14683daeb021d2d3df, type: 3}
      propertyPath: m_LocalPosition.x
      value: 155.009995
      objectReference: {fileID: 0}
    - target: {fileID: 400000, guid: 6112f16f129fba14683daeb021d2d3df, type: 3}
      propertyPath: m_LocalPosition.y
      value: .720000029
      objectReference: {fileID: 0}
    - target: {fileID: 400000, guid: 6112f16f129fba14683daeb021d2d3df, type: 3}
      propertyPath: m_LocalPosition.z
      value: 13.6739998
      objectReference: {fileID: 0}
    - target: {fileID: 400000, guid: 6112f16f129fba14683daeb021d2d3df, type: 3}
      propertyPath: m_LocalRotation.x
      value: -.70704484
      objectReference: {fileID: 0}
    - target: {fileID: 400000, guid: 6112f16f129fba14683daeb021d2d3df, type: 3}
      propertyPath: m_LocalRotation.y
      value: -.707168281
      objectReference: {fileID: 0}
    - target: {fileID: 400000, guid: 6112f16f129fba14683daeb021d2d3df, type: 3}
      propertyPath: m_LocalRotation.z
      value: .000617114594
      objectReference: {fileID: 0}
    - target: {fileID: 400000, guid: 6112f16f129fba14683daeb021d2d3df, type: 3}
      propertyPath: m_LocalRotation.w
      value: -.000617006852
      objectReference: {fileID: 0}
    - target: {fileID: 400000, guid: 6112f16f129fba14683daeb021d2d3df, type: 3}
      propertyPath: m_RootOrder
      value: 0
      objectReference: {fileID: 0}
    m_RemovedComponents: []
  m_ParentPrefab: {fileID: 100100000, guid: 6112f16f129fba14683daeb021d2d3df, type: 3}
  m_RootGameObject: {fileID: 1101903772}
  m_IsPrefabParent: 0
  m_IsExploded: 1
--- !u!1 &2086995218
GameObject:
  m_ObjectHideFlags: 0
  m_PrefabParentObject: {fileID: 0}
  m_PrefabInternal: {fileID: 0}
  serializedVersion: 4
  m_Component:
  - 4: {fileID: 2086995220}
  - 182: {fileID: 2086995219}
  m_Layer: 0
  m_Name: WindZone
  m_TagString: Untagged
  m_Icon: {fileID: 0}
  m_NavMeshLayer: 0
  m_StaticEditorFlags: 0
  m_IsActive: 1
--- !u!182 &2086995219
WindZone:
  m_ObjectHideFlags: 0
  m_PrefabParentObject: {fileID: 0}
  m_PrefabInternal: {fileID: 0}
  m_GameObject: {fileID: 2086995218}
  m_Enabled: 1
  m_Mode: 0
  m_Radius: 20
  m_WindMain: 1
  m_WindTurbulence: 1
  m_WindPulseMagnitude: .5
  m_WindPulseFrequency: .00999999978
--- !u!4 &2086995220
Transform:
  m_ObjectHideFlags: 0
  m_PrefabParentObject: {fileID: 0}
  m_PrefabInternal: {fileID: 0}
  m_GameObject: {fileID: 2086995218}
  m_LocalRotation: {x: 0, y: 0, z: 0, w: 1}
  m_LocalPosition: {x: 0, y: 0, z: 0}
  m_LocalScale: {x: 1, y: 1, z: 1}
  m_Children: []
  m_Father: {fileID: 0}
  m_RootOrder: 5
